@paper{ Aug10,
       author = "Eakta Jain and Yaser Sheikh and Moshe Mahler and Jessica Hodgins",
       title = "Augmenting Hand Animation with Three-dimensional Secondary Motion",
       year = "2010"
}